<record><leader>00000cas a22000007a 4500</leader><controlfield tag="001">14283547</controlfield><controlfield tag="008">860930d18861889inuwr ne      0    0eng d</controlfield><datafield ind1=" " ind2=" " tag="010"><subfield code="a">sn 86058784 </subfield></datafield><datafield ind1=" " ind2=" " tag="040"><subfield code="a">NPI</subfield><subfield code="b">eng</subfield><subfield code="c">NPI</subfield><subfield code="d">OCLCQ</subfield></datafield><datafield ind1=" " ind2=" " tag="042"><subfield code="a">msc</subfield></datafield><datafield ind1="0" ind2="0" tag="245"><subfield code="a">Odon weekly journal.</subfield></datafield><datafield ind1=" " ind2=" " tag="260"><subfield code="a">Odon, Ind. :</subfield><subfield code="b">W.L. Stoy</subfield></datafield><datafield ind1=" " ind2=" " tag="300"><subfield code="a">v. :</subfield><subfield code="b">ill.</subfield></datafield><datafield ind1="1" ind2=" " tag="362"><subfield code="a">Began in 1886? Ceased in Dec. 1889.</subfield></datafield><datafield ind1=" " ind2=" " tag="588"><subfield code="a">Description based on: Vol. 6, no. 5 (Jan. 1, 1887).</subfield></datafield><datafield ind1=" " ind2=" " tag="752"><subfield code="a">United States</subfield><subfield code="b">Indiana</subfield><subfield code="c">Daviess</subfield><subfield code="d">Odon.</subfield></datafield><datafield ind1="0" ind2="0" tag="780"><subfield code="t">Prairie scorcher</subfield><subfield code="w">(DLC)sn 86058783</subfield></datafield><datafield ind1="0" ind2="0" tag="785"><subfield code="t">Odon journal</subfield><subfield code="w">(DLC)sn 86058785</subfield></datafield></record>